<?xml version="1.0" encoding="utf-8"?>
<record xmlns="http://www.loc.gov/MARC21/slim" xmlns:xsi="http://www.w3.org/2001/XMLSchema-instance" xsi:schemaLocation="http://www.loc.gov/MARC21/slim http://www.loc.gov/standards/marcxml/schema/MARC21slim.xsd">
	<leader>
		02640nam a2200457   4500
	</leader>
	<controlfield tag="001">
		381422
	</controlfield>
	<controlfield tag="003">
		NjP
	</controlfield>
	<controlfield tag="006">
		m        d        
	</controlfield>
	<controlfield tag="007">
		cr cn |||m|||a
	</controlfield>
	<controlfield tag="008">
		151002s1952    le      ob    000 0 ara  
	</controlfield>
	<datafield ind1=" " ind2=" " tag="040">
		<subfield code="a">
			NNU
		</subfield>
		<subfield code="b">
			eng
		</subfield>
		<subfield code="e">
			rda
		</subfield>
		<subfield code="c">
			NNU
		</subfield>
	</datafield>
	<datafield ind1="0" ind2="0" tag="050">
		<subfield code="a">
			PJ6101
		</subfield>
		<subfield code="b">
			.I196 1952
		</subfield>
	</datafield>
	<datafield ind1="1" ind2=" " tag="100">
		<subfield code="6">
			880-01
		</subfield>
		<subfield code="a">
			Ibn Jinnī, Abū al-Fatḥ ʻUthmān,
		</subfield>
		<subfield code="d">
			-1002.
		</subfield>
	</datafield>
	<datafield ind1="1" ind2="3" tag="245">
		<subfield code="6">
			880-02
		</subfield>
		<subfield code="a">
			al-Khaṣāʼiṣ /
		</subfield>
		<subfield code="c">
			taʼlīf Abī al-Fatḥ ʻUthmān ibn Jinnī ; ḥaqqaqahu Muḥammad ʻAlī al-Najjār.
		</subfield>
	</datafield>
	<datafield ind1=" " ind2=" " tag="250">
		<subfield code="6">
			880-03
		</subfield>
		<subfield code="a">
			[al-Ṭabʻah 2.].
		</subfield>
	</datafield>
	<datafield ind1=" " ind2=" " tag="260">
		<subfield code="6">
			880-04
		</subfield>
		<subfield code="a">
			Bayrūt :
		</subfield>
		<subfield code="b">
			Dār al-Hudā lil-Ṭibāʻah wa-al-Nashr,
		</subfield>
		<subfield code="c">
			[al-muqaddimah 1952]
		</subfield>
	</datafield>
	<datafield ind1=" " ind2=" " tag="300">
		<subfield code="a">
			online resource (3 volumes)
		</subfield>
	</datafield>
	<datafield ind1=" " ind2=" " tag="336">
		<subfield code="a">
			text
		</subfield>
		<subfield code="2">
			rdacontent
		</subfield>
	</datafield>
	<datafield ind1=" " ind2=" " tag="337">
		<subfield code="a">
			computer
		</subfield>
		<subfield code="2">
			rdamedia
		</subfield>
	</datafield>
	<datafield ind1=" " ind2=" " tag="338">
		<subfield code="a">
			online resource
		</subfield>
		<subfield code="2">
			rdacarrier
		</subfield>
	</datafield>
	<datafield ind1=" " ind2=" " tag="500">
		<subfield code="a">
			Part of the Arabic Collections Online (ACO) project, contributed by Princeton University Libraries.
		</subfield>
	</datafield>
	<datafield ind1=" " ind2=" " tag="504">
		<subfield code="a">
			Includes bibliographical references.
		</subfield>
	</datafield>
	<datafield ind1=" " ind2=" " tag="533">
		<subfield code="a">
			Electronic reproduction.
		</subfield>
		<subfield code="b">
			New York, N.Y. :
		</subfield>
		<subfield code="c">
			New York University,
		</subfield>
		<subfield code="d">
			2015.
		</subfield>
		<subfield code="5">
			NNU
		</subfield>
	</datafield>
	<datafield ind1=" " ind2="0" tag="650">
		<subfield code="a">
			Arabic language
		</subfield>
		<subfield code="x">
			Grammar.
		</subfield>
	</datafield>
	<datafield ind1=" " ind2="0" tag="650">
		<subfield code="a">
			Arabic language
		</subfield>
		<subfield code="x">
			Lexicography.
		</subfield>
	</datafield>
	<datafield ind1=" " ind2="7" tag="650">
		<subfield code="a">
			Arabic language
		</subfield>
		<subfield code="x">
			Grammar.
		</subfield>
		<subfield code="2">
			fast
		</subfield>
		<subfield code="0">
			(OCoLC)fst00812341
		</subfield>
	</datafield>
	<datafield ind1=" " ind2="7" tag="650">
		<subfield code="a">
			Arabic language
		</subfield>
		<subfield code="x">
			Lexicography.
		</subfield>
		<subfield code="2">
			fast
		</subfield>
		<subfield code="0">
			(OCoLC)fst00812371
		</subfield>
	</datafield>
	<datafield ind1="1" ind2=" " tag="700">
		<subfield code="6">
			880-05
		</subfield>
		<subfield code="a">
			Najjār, Muḥammad ʻAlī.
		</subfield>
	</datafield>
	<datafield ind1="2" ind2=" " tag="710">
		<subfield code="a">
			Princeton University.
		</subfield>
		<subfield code="b">
			Library.
		</subfield>
	</datafield>
	<datafield ind1="0" ind2=" " tag="730">
		<subfield code="a">
			Arabic Collections Online.
		</subfield>
	</datafield>
	<datafield ind1="0" ind2="8" tag="776">
		<subfield code="i">
			Online version:
		</subfield>
		<subfield code="a">
			Ibn Jinnī, Abū al-Fatḥ ʻUthmān, -1002.
		</subfield>
		<subfield code="t">
			Khaṣāʼiṣ.
		</subfield>
		<subfield code="b">
			[al-Ṭabʻah 2.].
		</subfield>
		<subfield code="d">
			Beirut, Dār al-Hudā lil-Ṭibāʻah wa-al-Nashr [al-muqaddimah 1952]
		</subfield>
		<subfield code="w">
			(OCoLC)577705856
		</subfield>
	</datafield>
	<datafield ind1="0" ind2="8" tag="776">
		<subfield code="i">
			Online version:
		</subfield>
		<subfield code="a">
			Ibn Jinnī, Abū al-Fatḥ ʻUthmān, -1002.
		</subfield>
		<subfield code="t">
			Khaṣāʼiṣ.
		</subfield>
		<subfield code="b">
			[al-Ṭabʻah 2.].
		</subfield>
		<subfield code="d">
			Beirut, Dār al-Hudā lil-Ṭibāʻah wa-al-Nashr [al-muqaddimah 1952]
		</subfield>
		<subfield code="w">
			(OCoLC)606955740
		</subfield>
	</datafield>
	<datafield ind1="0" ind2="8" tag="776">
		<subfield code="i">
			Print version:
		</subfield>
		<subfield code="a">
			Ibn Jinnī, Abū al-Fatḥ ʻUthmān, -1002.
		</subfield>
		<subfield code="t">
			al-Khaṣāʼiṣ
		</subfield>
		<subfield code="w">
			(NjP)381422
		</subfield>
		<subfield code="w">
			(DLC)   74231964 
		</subfield>
		<subfield code="w">
			(OCoLC)21921340
		</subfield>
	</datafield>
	<datafield ind1="4" ind2="0" tag="856">
		<subfield code="u">
			http://hdl.handle.net/2333.1/rr4xh1bm
		</subfield>
	</datafield>
	<datafield ind1="1" ind2=" " tag="880">
		<subfield code="6">
			100-01/r
		</subfield>
		<subfield code="a">
			إبن جني، أبو الفتح عثمان،,
		</subfield>
		<subfield code="d">
			-1002.
		</subfield>
	</datafield>
	<datafield ind1="1" ind2="2" tag="880">
		<subfield code="6">
			245-02/r
		</subfield>
		<subfield code="a">
			الخصائص /
		</subfield>
		<subfield code="c">
			تأليف أبي الفتح عثمان بن جني ؛ حققه محمد علي النجار.
		</subfield>
	</datafield>
	<datafield ind1=" " ind2=" " tag="880">
		<subfield code="6">
			250-03/r
		</subfield>
		<subfield code="a">
			[الطبعة 2.].
		</subfield>
	</datafield>
	<datafield ind1=" " ind2=" " tag="880">
		<subfield code="6">
			260-04/r
		</subfield>
		<subfield code="a">
			بيروت :
		</subfield>
		<subfield code="b">
			دار الهدى للطباعة والنشر،
		</subfield>
		<subfield code="c">
			[المقدمة 1952]
		</subfield>
	</datafield>
	<datafield ind1="1" ind2=" " tag="880">
		<subfield code="6">
			700-05/r
		</subfield>
		<subfield code="a">
			نجار، محمد علي.
		</subfield>
	</datafield>
	<datafield ind1=" " ind2=" " tag="959">
		<subfield code="a">
			NNU
		</subfield>
		<subfield code="b">
			WEB
		</subfield>
		<subfield code="c">
			GENI
		</subfield>
		<subfield code="t">
			0
		</subfield>
		<subfield code="m">
			Electronic access
		</subfield>
		<subfield code="s">
			01
		</subfield>
	</datafield>
	<datafield ind1=" " ind2=" " tag="999">
		<subfield code="i">
			NjP_381422
		</subfield>
		<subfield code="o">
			(OCoLC)ocm21921340 
		</subfield>
		<subfield code="s">
			princeton_aco000028:vol.1
		</subfield>
		<subfield code="s">
			princeton_aco000029:vol.2
		</subfield>
		<subfield code="s">
			princeton_aco000030:vol.3
		</subfield>
	</datafield>
</record>
